@article {AB,
    AUTHOR = {Atiyah, M. F. and Bott, R.},
     TITLE = {The {Y}ang-{M}ills equations over {R}iemann surfaces},
   JOURNAL = {Philos. Trans. Roy. Soc. London Ser. A},
  FJOURNAL = {Philosophical Transactions of the Royal Society of London.
              Series A. Mathematical and Physical Sciences},
    VOLUME = {308},
      YEAR = {1983},
    NUMBER = {1505},
     PAGES = {523--615},
      ISSN = {0080-4614},
   MRCLASS = {14F05 (14D22 32G13 32L05 53C05 58E05 58E20 81E13)},
  MRNUMBER = {702806},
MRREVIEWER = {Martin A. Guest},
       DOI = {10.1098/rsta.1983.0017},
       URL = {https://doi-org.bucm.idm.oclc.org/10.1098/rsta.1983.0017},
}
@article {GRR,
    AUTHOR = {Borel, Armand and Serre, Jean-Pierre},
     TITLE = {Le théorème de {R}iemann-{R}och},
   JOURNAL = {Bull. Soc. Math. France},
  FJOURNAL = {Bulletin de la Société Mathématique de France},
    VOLUME = {86},
      YEAR = {1958},
     PAGES = {97--136},
      ISSN = {0037-9484},
   MRCLASS = {14.00},
  MRNUMBER = {116022},
MRREVIEWER = {R. Bott},
       URL = {http://www.numdam.org/item?id=BSMF_1958__86__97_0},
}
@article {DNS,
    AUTHOR = {Donaldson, S. K.},
     TITLE = {A new proof of a theorem of {N}arasimhan and {S}eshadri},
   JOURNAL = {J. Differential Geom.},
  FJOURNAL = {Journal of Differential Geometry},
    VOLUME = {18},
      YEAR = {1983},
    NUMBER = {2},
     PAGES = {269--277},
      ISSN = {0022-040X},
   MRCLASS = {32L05 (14F05 53C05)},
  MRNUMBER = {710055},
MRREVIEWER = {P. E. Newstead},
       URL = {http://projecteuclid.org.bucm.idm.oclc.org/euclid.jdg/1214437664},
}
@article {DASD,
    AUTHOR = {Donaldson, S. K.},
     TITLE = {Anti self-dual {Y}ang-{M}ills connections over complex
              algebraic surfaces and stable vector bundles},
   JOURNAL = {Proc. London Math. Soc. (3)},
  FJOURNAL = {Proceedings of the London Mathematical Society. Third Series},
    VOLUME = {50},
      YEAR = {1985},
    NUMBER = {1},
     PAGES = {1--26},
      ISSN = {0024-6115},
   MRCLASS = {58E15 (14F99 53C05 57R99)},
  MRNUMBER = {765366},
MRREVIEWER = {S. Ramanan},
       DOI = {10.1112/plms/s3-50.1.1},
       URL = {https://doi-org.bucm.idm.oclc.org/10.1112/plms/s3-50.1.1},
}
@article {DID,
    AUTHOR = {Donaldson, S. K.},
     TITLE = {Infinite determinants, stable bundles and curvature},
   JOURNAL = {Duke Math. J.},
  FJOURNAL = {Duke Mathematical Journal},
    VOLUME = {54},
      YEAR = {1987},
    NUMBER = {1},
     PAGES = {231--247},
      ISSN = {0012-7094},
   MRCLASS = {32L15 (53C25 58E15)},
  MRNUMBER = {885784},
MRREVIEWER = {Daniel S. Freed},
       DOI = {10.1215/S0012-7094-87-05414-7},
       URL = {https://doi-org.bucm.idm.oclc.org/10.1215/S0012-7094-87-05414-7},
}
@book {DK,
    AUTHOR = {Donaldson, S. K. and Kronheimer, P. B.},
     TITLE = {The geometry of four-manifolds},
    SERIES = {Oxford Mathematical Monographs},
      NOTE = {Oxford Science Publications},
 PUBLISHER = {The Clarendon Press, Oxford University Press, New York},
      YEAR = {1990},
     PAGES = {x+440},
      ISBN = {0-19-853553-8},
   MRCLASS = {57R57 (57N13 57R55 58D27 58G05)},
  MRNUMBER = {1079726},
MRREVIEWER = {Ronald J. Stern},
}
@incollection {GrothenWeil,
    AUTHOR = {Grothendieck, Alexandre},
     TITLE = {Sur le mémoire de {W}eil: généralisation des fonctions
              abéliennes},
 BOOKTITLE = {Séminaire {B}ourbaki, {V}ol. 4},
     PAGES = {Exp. No. 141, 57--71},
 PUBLISHER = {Soc. Math. France, Paris},
      YEAR = {1995},
   MRCLASS = {32J99 (32C35)},
  MRNUMBER = {1610945},
}
@book {Kobayashi,
    AUTHOR = {Kobayashi, Shoshichi},
     TITLE = {Differential geometry of complex vector bundles},
    SERIES = {Princeton Legacy Library},
      NOTE = {Reprint of the 1987 edition [MR0909698]},
 PUBLISHER = {Princeton University Press, Princeton, NJ},
      YEAR = {[2014]},
     PAGES = {xi + 304},
      ISBN = {978-0-691-60329-2},
   MRCLASS = {53C55 (01A75 32-02 32L05 32L10 32L20)},
  MRNUMBER = {3643615},
}
@incollection {Margerin,
    AUTHOR = {Margerin, Christophe},
     TITLE = {Fibrés stables et métriques d'{H}ermite-{E}instein (d'après
              {S}. {K}. {D}onaldson-{K}. {K}. {U}hlenbeck- {S}. {T}. {Y}au)},
      NOTE = {Séminaire Bourbaki, Vol. 1986/87},
   JOURNAL = {Astérisque},
  FJOURNAL = {Astérisque},
    NUMBER = {152-153},
      YEAR = {1987},
     PAGES = {5, 263--283 (1988)},
      ISSN = {0303-1179},
   MRCLASS = {58E15 (14F05 32L10 32L15 53C55)},
  MRNUMBER = {936859},
MRREVIEWER = {Akito Futaki},
}
@article {MR,
    AUTHOR = {Mehta, V. B. and Ramanathan, A.},
     TITLE = {Semistable sheaves on projective varieties and their
              restriction to curves},
   JOURNAL = {Math. Ann.},
  FJOURNAL = {Mathematische Annalen},
    VOLUME = {258},
      YEAR = {1981/82},
    NUMBER = {3},
     PAGES = {213--224},
      ISSN = {0025-5831},
   MRCLASS = {14F05},
  MRNUMBER = {649194},
MRREVIEWER = {Klaus Hulek},
       DOI = {10.1007/BF01450677},
       URL = {https://doi-org.bucm.idm.oclc.org/10.1007/BF01450677},
}
@article {NS,
    AUTHOR = {Narasimhan, M. S. and Seshadri, C. S.},
     TITLE = {Stable and unitary vector bundles on a compact {R}iemann
              surface},
   JOURNAL = {Ann. of Math. (2)},
  FJOURNAL = {Annals of Mathematics. Second Series},
    VOLUME = {82},
      YEAR = {1965},
     PAGES = {540--567},
      ISSN = {0003-486X},
   MRCLASS = {14.10},
  MRNUMBER = {184252},
MRREVIEWER = {M. F. Atiyah},
       DOI = {10.2307/1970710},
       URL = {https://doi-org.bucm.idm.oclc.org/10.2307/1970710},
}
@incollection {UY,
    AUTHOR = {Uhlenbeck, K. and Yau, S.-T.},
     TITLE = {On the existence of {H}ermitian-{Y}ang-{M}ills connections in
              stable vector bundles},
      NOTE = {Frontiers of the mathematical sciences: 1985 (New York, 1985)},
   JOURNAL = {Comm. Pure Appl. Math.},
  FJOURNAL = {Communications on Pure and Applied Mathematics},
    VOLUME = {39},
      YEAR = {1986},
    NUMBER = {S, suppl.},
     PAGES = {S257--S293},
      ISSN = {0010-3640},
   MRCLASS = {58G05 (32L15 53C05 58E15)},
  MRNUMBER = {861491},
MRREVIEWER = {Daniel S. Freed},
       DOI = {10.1002/cpa.3160390714},
       URL = {https://doi-org.bucm.idm.oclc.org/10.1002/cpa.3160390714},
}
@article {Uhlenbeck,
    AUTHOR = {Uhlenbeck, Karen K.},
     TITLE = {Connections with {$L\sp{p}$} bounds on curvature},
   JOURNAL = {Comm. Math. Phys.},
  FJOURNAL = {Communications in Mathematical Physics},
    VOLUME = {83},
      YEAR = {1982},
    NUMBER = {1},
     PAGES = {31--42},
      ISSN = {0010-3616},
   MRCLASS = {53C05 (49F10 58E20 81E10)},
  MRNUMBER = {648356},
MRREVIEWER = {Wolfgang Lücke},
       URL = {http://projecteuclid.org.bucm.idm.oclc.org/euclid.cmp/1103920743},
}
